<record><leader>00000cas a22000007a 4500</leader><controlfield tag="001">8924211</controlfield><controlfield tag="008">821105d19761977vaumr ne      0    0eng d</controlfield><controlfield tag="009">453</controlfield><datafield ind1=" " ind2=" " tag="010"><subfield code="a">sn 92060596 </subfield></datafield><datafield ind1=" " ind2=" " tag="040"><subfield code="a">VA@</subfield><subfield code="b">eng</subfield><subfield code="c">VA@</subfield><subfield code="d">YOX</subfield><subfield code="d">NVK</subfield><subfield code="d">OCLCQ</subfield><subfield code="d">OCLCF</subfield><subfield code="d">OCLCO</subfield><subfield code="d">OCLCA</subfield></datafield><datafield ind1="1" ind2=" " tag="029"><subfield code="a">AU@</subfield><subfield code="b">000025904896</subfield></datafield><datafield ind1=" " ind2=" " tag="042"><subfield code="a">msc</subfield></datafield><datafield ind1=" " ind2=" " tag="043"><subfield code="a">n-us-va</subfield></datafield><datafield ind1=" " ind2=" " tag="090"><subfield code="a">F234.W7</subfield><subfield code="b">C6</subfield></datafield><datafield ind1="0" ind2="4" tag="245"><subfield code="a">The CW news.</subfield></datafield><datafield ind1=" " ind2=" " tag="260"><subfield code="a">Williamsburg, Va. :</subfield><subfield code="b">Colonial Williamsburg News,</subfield><subfield code="c">1976-</subfield></datafield><datafield ind1=" " ind2=" " tag="300"><subfield code="a">v. :</subfield><subfield code="b">ill. ;</subfield><subfield code="c">28-40 cm.</subfield></datafield><datafield ind1=" " ind2=" " tag="310"><subfield code="a">Monthly</subfield></datafield><datafield ind1="0" ind2=" " tag="362"><subfield code="a">[Vol. 29, no. 6] (Nov. 27, 1976)-v. 30, no. 4 (Sept. 27, 1977).</subfield></datafield><datafield ind1=" " ind2=" " tag="515"><subfield code="a">Issue for Nov. 27, 1976 has no volume numbering but constitutes v. 29, no. 6.</subfield></datafield><datafield ind1=" " ind2=" " tag="525"><subfield code="a">50th Anniversary issue: Nov. 27, 1976.</subfield></datafield><datafield ind1=" " ind2=" " tag="550"><subfield code="a">"Published monthly for the employees and friends of the Colonial Williamsburg Foundation."</subfield></datafield><datafield ind1=" " ind2="0" tag="651"><subfield code="a">Williamsburg (Va.)</subfield><subfield code="v">Newspapers.</subfield></datafield><datafield ind1="2" ind2="0" tag="610"><subfield code="a">Colonial Williamsburg Foundation</subfield><subfield code="v">Newspapers.</subfield></datafield><datafield ind1=" " ind2="7" tag="655"><subfield code="a">Newspapers.</subfield><subfield code="2">fast</subfield><subfield code="0">(OCoLC)fst01423814</subfield></datafield><datafield ind1="2" ind2="7" tag="610"><subfield code="a">Colonial Williamsburg Foundation.</subfield><subfield code="2">fast</subfield><subfield code="0">(OCoLC)fst00532600</subfield></datafield><datafield ind1=" " ind2="7" tag="651"><subfield code="a">Virginia</subfield><subfield code="z">Williamsburg.</subfield><subfield code="2">fast</subfield><subfield code="0">(OCoLC)fst01205036</subfield></datafield><datafield ind1="2" ind2=" " tag="710"><subfield code="a">Colonial Williamsburg Foundation.</subfield></datafield><datafield ind1=" " ind2=" " tag="752"><subfield code="a">United States</subfield><subfield code="b">Virginia</subfield><subfield code="c">James City</subfield><subfield code="d">Williamsburg.</subfield></datafield><datafield ind1="0" ind2="0" tag="780"><subfield code="t">Colonial Williamsburg news (Williamsburg, Va. : 1950)</subfield><subfield code="w">(DLC)sn 92060595</subfield></datafield><datafield ind1="0" ind2="0" tag="785"><subfield code="t">Colonial Williamsburg news (Williamsburg, Va. : 1977)</subfield><subfield code="w">(DLC)sn 92060597</subfield></datafield></record>